


@misc{ejercicio1-1,
    title = "\url{http://www.phoronix-test-suite.com/?k=downloads}",
    year = "consultado el 15 de Diciembre de 2016",
}


@misc{ejercicio1-2,
    title = "\url{https://openbenchmarking.org/showdown/pts/gputest}",
    year = "consultado el 15 de Diciembre de 2016",
}

@misc{ejercicio1-3,
    title = "\url{https://linux.die.net/man/8/lspci}",
    year = "consultado el 15 de Diciembre de 2016",
}

@misc{ejercicio1-4,
    title = "\url{http://www.intel.com/content/www/us/en/support/graphics-drivers.html}",
    year = "consultado el 15 de Diciembre de 2016",
}


@misc{ejercicio2-1,
    title = "\url{https://linux.die.net/man/1/ab}",
    year = "consultado el 22 de Diciembre de 2016",
}

@misc{ejercicio2-2,
    title = "\url{https://linux.die.net/man/1/ps}",
    year = "consultado el 22 de Diciembre de 2016",
}

@misc{ejercicio2-3,
    title = "\url{https://linux.die.net/man/1/wc}",
    year = "consultado el 22 de Diciembre de 2016",
}

@misc{ejercicio4-1,
    title = "\url{http://jmeter.apache.org/usermanual/build-web-test-plan.html}",
    year = "consultado el 22 de Diciembre de 2016",
}


@misc{ejercicio5-1,
    title = "\url{https://linux.die.net/man/2/socket}",
    year = "consultado el 22 de Diciembre de 2016",
}

@misc{ejercicio5-2,
    title = "\url{https://linux.die.net/man/2/mmap}",
    year = "consultado el 22 de Diciembre de 2016",
}

@misc{ejercicio5-3,
    title = "\url{https://linux.die.net/man/3/inet_addr}",
    year = "consultado el 22 de Diciembre de 2016",
}

@misc{ejercicio5-4,
    title = "\url{https://linux.die.net/man/3/htons}",
    year = "consultado el 22 de Diciembre de 2016",
}

@misc{ejercicio5-5,
    title = "\url{https://linux.die.net/man/2/connect}",
    year = "consultado el 22 de Diciembre de 2016",
}

@misc{ejercicio5-6,
    title = "\url{https://linux.die.net/man/2/setsockopt}",
    year = "consultado el 22 de Diciembre de 2016",
}

@misc{ejercicio5-7,
    title = "\url{https://linux.die.net/man/2/bind}",
    year = "consultado el 22 de Diciembre de 2016",
}

@misc{ejercicio5-8,
    title = "\url{https://linux.die.net/man/2/listen}",
    year = "consultado el 22 de Diciembre de 2016",
}


@misc{ejercicio5-9,
    title = "\url{https://linux.die.net/man/2/accept}",
    year = "consultado el 22 de Diciembre de 2016",
}

@misc{ejercicio5-10,
    title = "\url{https://linux.die.net/man/3/clock_gettime}",
    year = "consultado el 22 de Diciembre de 2016",
}

@misc{ejercicio5-11,
    title = "\url{https://linux.die.net/man/2/recv}",
    year = "consultado el 22 de Diciembre de 2016",
}


@misc{ejercicio5-12,
    title = "\url{https://linux.die.net/man/2/munmap}",
    year = "consultado el 22 de Diciembre de 2016",
}

@misc{ejercicio5-13,
    title = "\url{https://linux.die.net/man/2/close}",
    year = "consultado el 22 de Diciembre de 2016",
}








































