


@misc{ejercicio1-1,
    title = "\url{http://tldp.org/LDP/Linux-Filesystem-Hierarchy/html/proc.html}",
    year = "consultado el 1 de Noviembre de 2016",
}

@misc{ejercicio1-2,
    title = "\url{http://www.tldp.org/LDP/sag/html/proc-fs.html}",
    year = "consultado el 1 de Noviembre de 2016",
}

@misc{ejercicio1-3,
    title = "\url{https://linux.die.net/man/5/proc}",
    year = "consultado el 1 de Noviembre de 2016",
}


@misc{ejercicio1-4,
    title = "\url{http://www.tldp.org/LDP/Linux-Filesystem-Hierarchy/html/var.html}",
    year = "consultado el 1 de Noviembre de 2016",
}

@misc{ejercicio1-5,
    title = "\url{http://www.tldp.org/pub/Linux/docs/ldp-archived/system-admin-guide/translations/es/html/ch04s06.html}",
    year = "consultado el 1 de Noviembre de 2016",
}


@misc{ejercicio1-6,
    title = "\url{https://www.debian.org/doc/manuals/debian-reference/ch02.en.html#_package_activity_logs}",
    year = "consultado el 1 de Noviembre de 2016",
}


@misc{ejercicio1-7,
    title = "\url{https://books.google.es/books?id=a_OoCwAAQBAJ&printsec=frontcover&hl=es#v=onepage&q&f=false}",
    year = "consultado el 1 de Noviembre de 2016",
}


@misc{ejercicio1-8,
    title = "\url{https://books.google.es/books?id=I5HvCgAAQBAJ&pg=PT474&lpg=PT474&dq=apt+history.log&source=bl&ots=FVUhUwLA1a&sig=f1AbUjyeyTvfRwMp7zvBj1aTnpE&hl=es&sa=X&ved=0ahUKEwj_m6fmt9PQAhXMWBQKHevACeo4FBDoAQhSMAc#v=onepage&q=apt%20history.log&f=false}",
    year = "consultado el 1 de Noviembre de 2016",
}



@misc{ejercicio1-9,
    title = "\url{https://linux.die.net/man/1/crontab}",
    year = "consultado el 1 de Noviembre de 2016",
}


@misc{ejercicio1-10,
    title = "\url{https://linux.die.net/man/8/logrotate}",
    year = "consultado el 1 de Noviembre de 2016",
}

@misc{ejercicio2-1,
    title = "\url{https://linux.die.net/man/1/crontab}",
    year = "consultado el 1 de Noviembre de 2016",
}


@misc{ejercicio3-1,
    title = "\url{https://linux.die.net/man/8/dmesg}",
    year = "consultado el 1 de Noviembre de 2016",
}



@misc{ejercicio3-1,
    title = "\url{https://linux.die.net/man/8/dmesg}",
    year = "consultado el 1 de Noviembre de 2016",
}



@misc{ejercicio6-1,
    title = "\url{http://demo.munin-monitoring.org/}",
    year = "consultado el 9 de Noviembre de 2016",
}

@misc{ejercicio7-1,
    title = "\url{https://linux.die.net/man/1/strace}",
    year = "consultado el 9 de Noviembre de 2016",
}


@misc{ejercicio8-1,
    title = "\url{https://docs.python.org/2/library/profile.html}",
    year = "consultado el 9 de Noviembre de 2016",
}


@misc{ejercicio9-1,
    title = "\url{http://dev.mysql.com/doc/refman/5.7/en/show-profile.html}",
    year = "consultado el 9 de Noviembre de 2016",
}


@misc{opcional4-1,
    title = "\url{http://www.cacti.net/}",
    year = "consultado el 3 de Febrero de 2017",
}
































