


@misc{ejercicio1-1,
    title = "\url{https://linux.die.net/man/8/sysctl}",
    year = "consultado el 26 de Diciembre de 2016",
}

@misc{ejercicio1-2,
    title = "\url{http://tldp.org/HOWTO/TCP-Keepalive-HOWTO/usingkeepalive.html}",
    year = "consultado el 26 de Diciembre de 2016",
}

@misc{ejercicio1-3,
    title = "\url{http://man7.org/linux/man-pages/man5/sysctl.conf.5.html}",
    year = "consultado el 26 de Diciembre de 2016",
}

@misc{ejercicio1-4,
    title = "\url{https://access.redhat.com/documentation/en-US/Red_Hat_Enterprise_Linux/5/html/Tuning_and_Optimizing_Red_Hat_Enterprise_Linux_for_Oracle_9i_and_10g_Databases/sect-Oracle_9i_and_10g_Tuning_Guide-Setting_Shared_Memory-Setting_SHMMNI_Parameter.html}",
    year = "consultado el 26 de Diciembre de 2016",
}




@misc{ejercicio2-1,
    title = "\url{https://www.kernel.org/doc/Documentation/sysctl/kernel.txt}",
    year = "consultado el 27 de Diciembre de 2016",
}


@misc{ejercicio3-1,
    title = "\url{https://support.microsoft.com/en-us/kb/322756}",
    year = "consultado el 27 de Diciembre de 2016",
}

@misc{ejercicio3-2,
    title = "\url{https://support.microsoft.com/en-us/kb/256986}",
    year = "consultado el 27 de Diciembre de 2016",
}

@misc{ejercicio4-1,
    title = "\url{https://docs.moodle.org/23/en/Performance_recommendations}",
    year = "consultado el 27 de Diciembre de 2016",
}


Aqui tenemos las páginas donde viene documentacion para IIS y optimizar su rendimiento con compresion en 3 pasos:
1-Configurar compresion
2-Habilitar compresion HTTP para contenido dinámico.
3-Habilitar compresion HTTP para contenido estático.



@misc{ejercicio5-1,
    title = "\url{https://technet.microsoft.com/en-us/library/cc732976(v=ws.10).aspx}",
    year = "consultado el 29 de Diciembre de 2016",
}

@misc{ejercicio5-2,
    title = "\url{https://technet.microsoft.com/en-us/library/cc770381(v=ws.10).aspx}",
    year = "consultado el 29 de Diciembre de 2016",
}

@misc{ejercicio5-3,
    title = "\url{https://technet.microsoft.com/en-us/library/cc771003(v=ws.10).aspx}",
    year = "consultado el 29 de Diciembre de 2016",
}

@misc{ejercicio5-4,
    title = "\url{https://technet.microsoft.com/en-us/library/cc730629(v=ws.10).aspx}",
    year = "consultado el 29 de Diciembre de 2016",
}

@misc{ejercicio5-5,
    title = "\url{https://technet.microsoft.com/en-us/library/cc753681(v=ws.10).aspx}",
    year = "consultado el 29 de Diciembre de 2016",
}

@misc{ejercicio5-6,
    title = "\url{https://technet.microsoft.com/en-us/library/cc754668(v=ws.10).aspx}",
    year = "consultado el 29 de Diciembre de 2016",
}


@misc{ejercicio6-1,
    title = "\url{https://www.nginx.com/blog/nginx-vs-apache-our-view/}",
    year = "consultado el 20 de Enero de 2017",
}


@misc{ejercicio6-2,
    title = "\url{https://www.nginx.com/}",
    year = "consultado el 20 de Enero de 2017",
}

@misc{ejercicio6-3,
    title = "\url{https://www.nginx.com/blog/tuning-nginx/}",
    year = "consultado el 20 de Enero de 2017",
}

@misc{ejercicio6-3,
    title = "\url{https://www.nginx.com/blog/tuning-nginx/}",
    year = "consultado el 20 de Enero de 2017",
}

@misc{ejercicio6-4,
    title = "\url{https://www.nginx.com/blog/10-tips-for-10x-application-performance/}",
    year = "consultado el 20 de Enero de 2017",
}

@misc{ejercicio6-5,
    title = "\url{https://www.linode.com/docs/websites/nginx/configure-nginx-for-optimized-performance}",
    year = "consultado el 20 de Enero de 2017",
}



































