
@misc{primero,
	title = "Libro sistemas operativos modernos, Andrew S. Tanenbaum, 3ª edición. (tema 8.3)",
	year = "consultado el 13 de Octubre de 2016",
}



@misc{segundo,
    title = "\url{https://www.microsoft.com/en-us/cloud-platform/windows-server-comparison}",
    year = "consultado el 13 de Octubre de 2016",
}



@misc{tercero,
    title = "\url{https://technet.microsoft.com/en-us/itpro/windows/keep-secure/credential-guard}",
    year = "consultado el 13 de Octubre de 2016",
}


@misc{cuarto,
    title = "\url{https://technet.microsoft.com/en-us/library/dn859239.aspx}",
    year = "consultado el 13 de Octubre de 2016",
}



@misc{quinto,
    title = "\url{https://technet.microsoft.com/en-us/library/hh831602(v=ws.11).aspx}",
    year = "consultado el 13 de Octubre de 2016",
}



@misc{sexto,
    title = "\url{https://technet.microsoft.com/en-us/windows-server-docs/get-started/getting-started-with-nano-server}",
    year = "consultado el 13 de Octubre de 2016",
}



@misc{septimo,
    title = "\url{https://msdn.microsoft.com/es-es/library/hh831531(v=ws.11).aspx}",
    year = "consultado el 13 de Octubre de 2016",
}



@misc{octavo,
    title = "\url{http://maas.io/}",
    year = "consultado el 13 de Octubre de 2016",
}



@misc{noveno,
    title = "\url{https://www.ubuntu.com/cloud/maas}",
    year = "consultado el 13 de Octubre de 2016",
}



@misc{decimo,
    title = "\url{https://landscape.canonical.com/landscape-features}",
    year = "consultado el 13 de Octubre de 2016",
}





@misc{once,
    title = "\url{https://www.redhat.com/en/technologies/linux-platforms/articles/relationship-between-fedora-and-rhel}",
    year = "consultado el 16 de Octubre de 2016",
}



@misc{doce,
    title = "\url{https://fedoraproject.org/wiki/History_of_Red_Hat_Linux}",
    year = "consultado el 16 de Octubre de 2016",
}


@misc{trece,
    title = "\url{https://www.redhat.com/es/about/press-releases/red-hat-and-centos-join-forces}",
    year = "consultado el 16 de Octubre de 2016",
}


@misc{catorce,
    title = "\url{https://wiki.centos.org/RedHat}",
    year = "consultado el 16 de Octubre de 2016",
}

@misc{quince,
    title = "\url{http://www.adaptec.com/nr/rdonlyres/14b2fd84-f7a0-4ac5-a07a-214123ea3dd6/0/4423_sw_hwraid_10.pdf
}",
    year = "consultado el 16 de Octubre de 2016",
}



@misc{dieciseis,
    title = "\url{http://tldp.org/HOWTO/LVM-HOWTO/}",
    year = "consultado el 16 de Octubre de 2016",
}

@misc{diecisiete,
    title = "\url{https://wiki.archlinux.org/index.php/LVM}",
    year = "consultado el 16 de Octubre de 2016",
}

@misc{dieciocho,
    title = "\url{https://wiki.ubuntu.com/Lvm}",
    year = "consultado el 16 de Octubre de 2016",
}

@misc{diecinueve,
    title = "\url{http://tldp.org/HOWTO/LVM-HOWTO/whywouldiwantit.html}",
    year = "consultado el 16 de Octubre de 2016",
}

@misc{veinte,
    title = "\url{http://tldp.org/HOWTO/LVM-HOWTO/benefitsoflvmsmall.html}",
    year = "consultado el 17 de Octubre de 2016",
}


@misc{veintiuna,
    title = "\url{https://access.redhat.com/documentation/en-US/Red_Hat_Enterprise_Linux/6/html-single/Storage_Administration_Guide/}",
    year = "consultado el 17 de Octubre de 2016",
}



@misc{veintidos,
    title = "\url{https://access.redhat.com/documentation/en-US/Red_Hat_Enterprise_Linux/6/html/Installation_Guide/s2-diskpartrecommend-x86.html}",
    year = "consultado el 17 de Octubre de 2016",
}


@misc{veintitres,
    title = "\url{https://debian-handbook.info/browse/es-ES/stable/sect.installation-steps.html}",
    year = "consultado el 17 de Octubre de 2016",
}

@misc{veinticuatro,
    title = "\url{https://wiki.archlinux.org/index.php/Dm-crypt/Encrypting_an_entire_system_(Espa%C3%B1ol)#Descripci.C3.B3n_general}",
    year = "consultado el 17 de Octubre de 2016",
}


@misc{veinticinco,
    title = "\url{https://wiki.archlinux.org/index.php/Dm-crypt/Specialties#Securing_the_unencrypted_boot_partition}",
    year = "consultado el 21 de Octubre de 2016",
}



@misc{veintiseis,
    title = "\url{https://wiki.archlinux.org/index.php/Dm-crypt_(Espa%C3%B1ol)}",
    year = "consultado el 21 de Octubre de 2016",
}

@misc{veintisiete,
    title = "\url{https://access.redhat.com/documentation/en-US/Red_Hat_Enterprise_Linux/5/html/Installation_Guide/ch29s02.html}",
    year = "consultado el 21 de Octubre de 2016",
}

@misc{veintiocho,
    title = "\url{https://wiki.archlinux.org/index.php/partitioning}",
    year = "consultado el 21 de Octubre de 2016",
}


@misc{veintinueve,
    title = "\url{http://www.tldp.org/LDP/Linux-Filesystem-Hierarchy/html/the-root-directory.html}",
    year = "consultado el 21 de Octubre de 2016",
}

@misc{treinta,
    title = "\url{http://www.tldp.org/LDP/Linux-Filesystem-Hierarchy/html/bin.html}",
    year = "consultado el 21 de Octubre de 2016",
}

@misc{treintayuno,
    title = "\url{http://www.tldp.org/LDP/Linux-Filesystem-Hierarchy/html/dev.html}",
    year = "consultado el 21 de Octubre de 2016",
}



@misc{treintaydos,
    title = "\url{http://www.tldp.org/LDP/Linux-Filesystem-Hierarchy/html/etc.html}",
    year = "consultado el 21 de Octubre de 2016",
}

@misc{treintaytres,
    title = "\url{http://www.tldp.org/LDP/Linux-Filesystem-Hierarchy/html/usr.html}",
    year = "consultado el 21 de Octubre de 2016",
}

@misc{treintaycuatro,
    title = "\url{http://www.intel.es/content/www/es/es/solid-state-drives/solid-state-drives-ssd.html}",
    year = "consultado el 21 de Octubre de 2016",
}

@misc{treintaycinco,
    title = "\url{http://www-03.ibm.com/systems/storage/solutions/flash-storage-vs-ssd/}",
    year = "consultado el 21 de Octubre de 2016",
}

@misc{treintayseis,
    title = "\url{https://wiki.debian.org/Multi%20HDD/SSD%20Partition%20Scheme}",
    year = "consultado el 23 de Octubre de 2016",
}

@misc{treintaysiete,
    title = "\url{https://help.ubuntu.com/community/PartitioningSchemes}",
    year = "consultado el 23 de Octubre de 2016",
}

@misc{treintayocho,
    title = "\url{http://www.tldp.org/LDP/abs/html/systemdirs.html}",
    year = "consultado el 23 de Octubre de 2016",
}

@misc{treintaynueve,
    title = "\url{https://www.redhat.com/f/pdf/RHEL6_FileSystem_WP_5677547_0311_dm_web.pdf}",
    year = "consultado el 23 de Octubre de 2016",
}

@misc{cuarenta,
    title = "\url{https://access.redhat.com/documentation/en-US/Red_Hat_Enterprise_Linux/7/html/Storage_Administration_Guide/ch-xfs.html}",
    year = "consultado el 23 de Octubre de 2016",
}

@misc{cuarentayuno,
    title = "\url{https://linux.die.net/man/8/lsblk}",
    year = "consultado el 23 de Octubre de 2016",
}

@misc{cuarentaydos,
    title = "\url{https://wiki.archlinux.org/index.php/systemd-boot}",
    year = "consultado el 23 de Octubre de 2016",
}

@misc{cuarentaytres,
    title = "\url{https://wiki.archlinux.org/index.php/Arch_boot_process}",
    year = "consultado el 23 de Octubre de 2016",
}

@misc{cuarentaycuatro,
    title = "\url{https://wiki.archlinux.org/index.php/Category:Boot_loaders}",
    year = "consultado el 25 de Octubre de 2016",
}

@misc{cuarentaycinco,
    title = "\url{http://manpages.ubuntu.com/manpages/xenial/man8/grub-install.8.html}",
    year = "consultado el 25 de Octubre de 2016",
}

@misc{cuarentayseis,
    title = "\url{https://linux.die.net/man/8/grub-install}",
    year = "consultado el 25 de Octubre de 2016",
}

@misc{cuarentayocho,
    title = "\url{https://linux.die.net/man/8/mdadm}",
    year = "consultado el 25 de Octubre de 2016",
}


@misc{cuarentaynueve,
    title = "\url{https://www.microsoft.com/en-us/cloud-platform/windows-server-pricing}",
    year = "consultado el 26 de Octubre de 2016",
}

@misc{cincuenta,
    title = "\url{https://www.vmware.com/support/ws4/doc/network_bridged_ws.html}",
    year = "consultado el 26 de Octubre de 2016",
}

@misc{cincuentayuno,
    title = "\url{https://www.vmware.com/support/ws4/doc/network_bridged_ws.html}",
    year = "consultado el 26 de Octubre de 2016",
}

@misc{cincuentaydos,
    title = "\url{https://www.vmware.com/support/ws3/doc/ws32_network21.html}",
    year = "consultado el 26 de Octubre de 2016",
}

@misc{cincuentaytres,
    title = "\url{https://www.vmware.com/support/ws3/doc/ws32_network6.html}",
    year = "consultado el 26 de Octubre de 2016",
}

@misc{cincuentaycuatro,
    title = "\url{http://www.cyberneticos.com/vps.php
}",
    year = "consultado el 28 de Octubre de 2016",
}

@misc{cincuentaycinco,
    title = "\url{http://www.cyberneticos.com/servidores-dedicados.php}",
    year = "consultado el 28 de Octubre de 2016",
}

@misc{cincuentayseis,
    title = "\url{https://dinahosting.com/dedicados}",
    year = "consultado el 28 de Octubre de 2016",
}

@misc{cincuentaysiete,
    title = "\url{https://www.hosteurope.es/servidores-virtuales}",
    year = "consultado el 28 de Octubre de 2016",
}

@misc{cincuentayocho,
    title = "\url{https://www.hosteurope.es/servidores-dedicados}",
    year = "consultado el 28 de Octubre de 2016",
}


@misc{cincuentaynueve,
    title = "\url{https://www.gnu.org/software/emacs/manual/html_node/emacs/Shell.html}",
    year = "consultado el 28 de Octubre de 2016",
}

@misc{sesenta,
    title = "\url{https://www.emacswiki.org/emacs/ShellMode}",
    year = "consultado el 28 de Octubre de 2016",
}


@misc{sesentayuno,
    title = "\url{http://www.demiurgo.org/doc/trucos.unix.html}",
    year = "consultado el 28 de Octubre de 2016",
}

@misc{sesentaydos,
    title = "\url{http://www.ibm.com/developerworks/ssa/linux/library/l-lpic1-v3-103-8/}",
    year = "consultado el 28 de Octubre de 2016",
}


   





































