

@misc{ejercicio1-1,
    title = "\url{https://linux.die.net/man/8/yum}",
    year = "consultado el 17 de Noviembre de 2016",
}


@misc{ejercicio1-2,
    title = "\url{https://linux.die.net/man/5/yum.conf}",
    year = "consultado el 17 de Noviembre de 2016",
}

@misc{ejercicio1-3,
    title = "\url{https://access.redhat.com/solutions/265523}",
    year = "consultado el 18 de Noviembre de 2016",
}

@misc{ejercicio1-4,
    title = "\url{http://man7.org/linux/man-pages/man1/yum-config-manager.1.html}",
    year = "consultado el 18 de Noviembre de 2016",
}

@misc{ejercicio1-5,
    title = "\url{https://access.redhat.com/documentation/en-US/Red_Hat_Enterprise_Linux/6/html/Deployment_Guide/sec-Managing_Yum_Repositories.html
}",
    year = "consultado el 18 de Noviembre de 2016",
}

@misc{ejercicio2-1,
    title = "\url{http://manpages.ubuntu.com/manpages/xenial/man8/apt.8.html}",
    year = "consultado el 10 de Noviembre de 2016",
}

@misc{ejercicio2-2,
    title = "\url{http://manpages.ubuntu.com/manpages/wily/en/man5/apt.conf.5.html}",
    year = "consultado el 10 de Noviembre de 2016",
}


@misc{ejercicio2-3,
    title = "\url{http://manpages.ubuntu.com/manpages/wily/man1/add-apt-repository.1.html}",
    year = "consultado el 10 de Noviembre de 2016",
}


@misc{ejercicio3-1,
    title = "\url{http://manpages.ubuntu.com/manpages/xenial/man8/ufw.8.html}",
    year = "consultado el 10 de Noviembre de 2016",
}


@misc{ejercicio3-2,
    title = "\url{http://www.firewalld.org/documentation/man-pages/firewall-cmd.html}",
    year = "consultado el 19 de Noviembre de 2016",
}

@misc{ejercicio3-3,
    title = "\url{https://fedoraproject.org/wiki/FirewallD/es}",
    year = "consultado el 19 de Noviembre de 2016",
}



@misc{ejercicio3-4,
    title = "\url{https://linux.die.net/man/1/nmap}",
    year = "consultado el 19 de Noviembre de 2016",
}





@misc{ejercicio4-1,
    title = "\url{https://wiki.archlinux.org/index.php/telnet}",
    year = "consultado el 10 de Noviembre de 2016",
}


@misc{ejercicio4-2,
    title = "\url{https://tools.ietf.org/html/rfc318}",
    year = "consultado el 19 de Noviembre de 2016",
}

@misc{ejercicio4-3,
    title = "\url{https://tools.ietf.org/html/rfc854}",
    year = "consultado el 19 de Noviembre de 2016",
}



@misc{ejercicio4-4,
    title = "\url{http://www.tldp.org/HOWTO/Text-Terminal-HOWTO-12.html#ss12.5}",
    year = "consultado el 19 de Noviembre de 2016",
}

@misc{ejercicio4-5,
    title = "\url{https://wiki.archlinux.org/index.php/Secure_Shell}",
    year = "consultado el 10 de Noviembre de 2016",
}

@misc{ejercicio4-6,
    title = "\url{https://access.redhat.com/documentation/en-US/Red_Hat_Enterprise_Linux/3/html/Reference_Guide/ch-ssh.html}",
    year = "consultado el 19 de Noviembre de 2016",
}

@misc{ejercicio4-7,
    title = "\url{https://tools.ietf.org/html/rfc4253}",
    year = "consultado el 19 de Noviembre de 2016",
}




@misc{ejercicio5-1,
    title = "\url{https://linux.die.net/man/1/ssh}",
    year = "consultado el 3 de Noviembre de 2016",
}

@misc{ejercicio5-2,
    title = "\url{http://mcuser.uv.es/es/art.php?art=ard&pag=rx11.html}",
    year = "consultado el 17 de Noviembre de 2016",
}



@misc{ejercicio5-3,
    title = "\url{http://man.openbsd.org/cgi-bin/man.cgi/OpenBSD-current/man1/ssh.1?query=ssh%26sec=1}",
    year = "consultado el 17 de Noviembre de 2016",
}



@misc{ejercicio5-4,
    title = "\url{https://www.openssh.com/manual.html}",
    year = "consultado el 17 de Noviembre de 2016",
}

@misc{ejercicio5-5,
    title = "\url{https://wiki.archlinux.org/index.php/Secure_Shell#X11_forwarding}",
    year = "consultado el 17 de Noviembre de 2016",
}

@misc{ejercicio5-6,
    title = "\url{http://mcuser.uv.es/es/art.php?art=ard&pag=rx11.html}",
    year = "consultado el 17 de Noviembre de 2016",
}

@misc{ejercicio5-7,
    title = "\url{https://linux.die.net/man/8/ifconfig}",
    year = "consultado el 19 de Noviembre de 2016",
}

@misc{ejercicio5-8,
    title = "\url{https://linux.die.net/man/8/dhclient}",
    year = "consultado el 19 de Noviembre de 2016",
}


@misc{ejercicio5-9,
    title = "\url{https://wiki.debian.org/es/NetworkConfiguration}",
    year = "consultado el 19 de Noviembre de 2016",
}

@misc{ejercicio6-1,
    title = "\url{https://linux.die.net/man/1/ssh-keygen}",
    year = "consultado el 19 de Noviembre de 2016",
}

@misc{ejercicio6-2,
    title = "\url{https://linux.die.net/man/1/ssh-copy-id}",
    year = "consultado el 19 de Noviembre de 2016",
}

@misc{ejercicio6-3,
    title = "\url{https://access.redhat.com/documentation/en-US/Red_Hat_Enterprise_Linux/5/html/Virtualization/chap-Virtualization-Remote_management_of_virtualized_guests.html}",
    year = "consultado el 19 de Noviembre de 2016",
}


@misc{ejercicio7-1,
    title = "\url{https://linux.die.net/man/5/sshd_config}",
    year = "consultado el 19 de Noviembre de 2016",
}



@misc{ejercicio7-2,
    title = "\url{https://access.redhat.com/documentation/en-US/Red_Hat_Enterprise_Linux/6/html/V2V_Guide/Preperation_Before_the_P2V_Migration-Enable_Root_Login_over_SSH.html}",
    year = "consultado el 19 de Noviembre de 2016",
}

@misc{ejercicio7-3,
    title = "\url{https://access.redhat.com/documentation/en-US/Red_Hat_Network/5.0.0/html/Reference_Guide/s2-mon-rhnmd-sshd.html}",
    year = "consultado el 25 de Noviembre de 2016",
}


@misc{ejercicio8-1,
    title = "\url{https://linux.die.net/man/8/service}",
    year = "consultado el 20 de Noviembre de 2016",
}

@misc{ejercicio8-2,
    title = "\url{https://access.redhat.com/documentation/en-US/Red_Hat_Enterprise_Linux/7/html/System_Administrators_Guide/sect-Managing_Services_with_systemd-Services.html}",
    year = "consultado el 20 de Noviembre de 2016",
}

@misc{ejercicio9-1,
    title = "\url{https://wiki.debian.org/es/tasksel}",
    year = "consultado el 20 de Noviembre de 2016",
}

@misc{ejercicio9-2,
    title = "\url{https://wiki.debian.org/LaMp}",
    year = "consultado el 20 de Noviembre de 2016",
}

@misc{ejercicio9-3,
    title = "\url{https://help.ubuntu.com/community/Tasksel#Installation}",
    year = "consultado el 20 de Noviembre de 2016",
}

@misc{ejercicio9-3,
    title = "\url{http://www.unix.com/man-page/linux/8/apache2/}",
    year = "consultado el 20 de Noviembre de 2016",
}

@misc{ejercicio9-4,
    title = "\url{https://linux.die.net/man/1/mysql}",
    year = "consultado el 20 de Noviembre de 2016",
}

@misc{ejercicio9-5,
    title = "\url{http://php.net/manual/es/configuration.file.php}",
    year = "consultado el 20 de Noviembre de 2016",
}


@misc{ejercicio9-6,
    title = "\url{https://linux.die.net/man/1/php}",
    year = "consultado el 20 de Noviembre de 2016",
}

@misc{ejercicio9-7,
    title = "\url{http://php.net/manual/en/features.commandline.interactive.php}",
    year = "consultado el 20 de Noviembre de 2016",
}

@misc{ejercicio9-8,
    title = "\url{https://access.redhat.com/documentation/en-US/Red_Hat_Enterprise_Linux/6/html/Managing_Confined_Services/chap-Managing_Confined_Services-The_Apache_HTTP_Server.html}",
    year = "consultado el 20 de Noviembre de 2016",
}

@misc{ejercicio9-9,
    title = "\url{https://access.redhat.com/documentation/en-US/Red_Hat_Enterprise_Linux/7/html/SELinux_Users_and_Administrators_Guide/chap-Managing_Confined_Services-MariaDB.html}",
    year = "consultado el 20 de Noviembre de 2016",
}

@misc{ejercicio9-10,
    title = "\url{https://mariadb.com/kb/en/mariadb/yum/}",
    year = "consultado el 20 de Noviembre de 2016",
}

@misc{ejercicio9-11,
    title = "\url{https://mariadb.com/kb/en/mariadb/a-mariadb-primer-02-logging-in/}",
    year = "consultado el 20 de Noviembre de 2016",
}


@misc{ejercicio10-1,
    title = "\url{https://technet.microsoft.com/es-es/library/dd197434(v=ws.10).aspx}",
    year = "consultado el 20 de Noviembre de 2016",
}

@misc{ejercicio11-1,
    title = "\url{http://www.thegeekstuff.com/2014/12/patch-command-examples/}",
    year = "consultado el 20 de Noviembre de 2016",
}


@misc{ejercicio11-2,
    title = "\url{http://man7.org/linux/man-pages/man1/diff.1.html}",
    year = "consultado el 20 de Noviembre de 2016",
}

@misc{ejercicio11-3,
    title = "\url{https://linux.die.net/man/1/patch}",
    year = "consultado el 20 de Noviembre de 2016",
}


@misc{ejercicio12-1,
    title = "\url{http://webmin.com/tgz.html}",
    year = "consultado el 24 de Noviembre de 2016",
}

@misc{ejercicio13-1,
    title = "\url{https://docs.phpmyadmin.net/en/latest/setup.html#linux-distributions}",
    year = "consultado el 24 de Noviembre de 2016",
}

@misc{ejercicio13-2,
    title = "\url{https://docs.phpmyadmin.net/en/latest/config.html}",
    year = "consultado el 24 de Noviembre de 2016",
}

@misc{ejercicio13-3,
    title = "\url{http://php.net/manual/es/ini.core.php#ini.enable-post-data-reading}",
    year = "consultado el 24 de Noviembre de 2016",
}


@misc{ejercicio14-1,
    title = "\url{https://www.directadmin.com}",
    year = "consultado el 20 de Noviembre de 2016",
}

@misc{ejercicio15-1,
    title = "\url{https://linux.die.net/man/1/grep}",
    year = "consultado el 25 de Noviembre de 2016",
}

@misc{ejercicio15-2,
    title = "\url{https://linux.die.net/man/1/ps}",
    year = "consultado el 25 de Noviembre de 2016",
}

@misc{ejercicio15-3,
    title = "\url{https://linux.die.net/man/1/scp}",
    year = "consultado el 25 de Noviembre de 2016",
}

@misc{ejercicio15-4,
    title = "\url{https://linux.die.net/man/1/sed}",
    year = "consultado el 25 de Noviembre de 2016",
}


@misc{ejercicio15-5,
    title = "\url{https://linux.die.net/man/1/awk}",
    year = "consultado el 25 de Noviembre de 2016",
}


@misc{ejercicio16-1,
    title = "\url{http://php.net/manual/es/features.commandline.usage.php}",
    year = "consultado el 25 de Noviembre de 2016",
}


@misc{ejercicio16-2,
    title = "\url{http://php.net/manual/es/function.exec.php}",
    year = "consultado el 25 de Noviembre de 2016",
}



@misc{opcional2-1,
    title = "\url{http://www.fail2ban.org/wiki/index.php/Main_Page}",
    year = "consultado el 3 de Febrero de 2017",
}


@misc{opcional2-2,
    title = "\url{http://codehero.co/como-instalar-y-usar-fail2ban/}",
    year = "consultado el 3 de Febrero de 2017",
}


@misc{opcional3-1,
    title = "\url{http://rkhunter.sourceforge.net/}",
    year = "consultado el 3 de Febrero de 2017",
}


@misc{opcional3-2,
    title = "\url{https://sourceforge.net/projects/rkhunter/?source=typ_redirect}",
    year = "consultado el 3 de Febrero de 2017",
}








































